<record><leader>00000cas a22000007a 4500</leader><controlfield tag="001">26127497</controlfield><controlfield tag="008">920703d193619uuarumr ne      0    0eng d</controlfield><controlfield tag="009">8899</controlfield><datafield ind1=" " ind2=" " tag="010"><subfield code="a">sn 92050133 </subfield></datafield><datafield ind1=" " ind2=" " tag="040"><subfield code="a">ANU</subfield><subfield code="b">eng</subfield><subfield code="c">ANU</subfield><subfield code="d">OCLCQ</subfield></datafield><datafield ind1=" " ind2=" " tag="042"><subfield code="a">msc</subfield></datafield><datafield ind1="0" ind2="0" tag="245"><subfield code="a">Benton County marketeer.</subfield></datafield><datafield ind1=" " ind2=" " tag="260"><subfield code="a">Bentonville, Ark. :</subfield><subfield code="b">Frank P. Harris Advertising Service</subfield></datafield><datafield ind1=" " ind2=" " tag="300"><subfield code="a">v.</subfield></datafield><datafield ind1=" " ind2=" " tag="310"><subfield code="a">Monthly</subfield></datafield><datafield ind1="0" ind2=" " tag="362"><subfield code="a">Vol. 1, no. 1 (Dec. 17, 1936)-</subfield></datafield><datafield ind1=" " ind2=" " tag="500"><subfield code="a">Chiefly advertisements.</subfield></datafield><datafield ind1=" " ind2="4" tag="651"><subfield code="a">Bentonville (Ark.)</subfield><subfield code="v">Newspapers.</subfield></datafield><datafield ind1=" " ind2="4" tag="651"><subfield code="a">Benton County (Ark.)</subfield><subfield code="v">Newspapers.</subfield></datafield><datafield ind1=" " ind2=" " tag="752"><subfield code="a">United States</subfield><subfield code="b">Arkansas</subfield><subfield code="c">Benton</subfield><subfield code="d">Bentonville.</subfield></datafield></record>